% =========================== INTRO
@article{caron_plane_2016,  
    author={Caron, Stéphane and Kheddar, Abderrahmane},  
    journal={IEEE Humanoids},   
    title={Multi-contact walking pattern generation based on model preview control of 3D COM accelerations},   
    year={2016}
}

@misc{darpa_nasa_2021,
  author = {Agha, Ali and Otsu, Kyohei and Morrell, Benjamin and Fan, David D. and Thakker, Rohan and Santamaria-Navarro, Angel and Kim, Sung-Kyun and Bouman, Amanda and Lei, Xianmei and Edlund, Jeffrey and Ginting, Muhammad Fadhil and Ebadi, Kamak and Anderson, Matthew and Pailevanian, Torkom and Terry, Edward and Wolf, Michael and Tagliabue, Andrea and Vaquero, Tiago Stegun and Palieri, Matteo and Tepsuporn, Scott and Chang, Yun and Kalantari, Arash and Chavez, Fernando and Lopez, Brett and Funabiki, Nobuhiro and Miles, Gregory and Touma, Thomas and Buscicchio, Alessandro and Tordesillas, Jesus and Alatur, Nikhilesh and Nash, Jeremy and Walsh, William and Jung, Sunggoo and Lee, Hanseob and Kanellakis, Christoforos and Mayo, John and Harper, Scott and Kaufmann, Marcel and Dixit, Anushri and Correa, Gustavo and Lee, Carlyn and Gao, Jay and Merewether, Gene and Maldonado-Contreras, Jairo and Salhotra, Gautam and Da Silva, Maira Saboia and Ramtoula, Benjamin and Kubo, Yuki and Fakoorian, Seyed and Hatteland, Alexander and Kim, Taeyeon and Bartlett, Tara and Stephens, Alex and Kim, Leon and Bergh, Chuck and Heiden, Eric and Lew, Thomas and Cauligi, Abhishek and Heywood, Tristan and Kramer, Andrew and Leopold, Henry A. and Choi, Chris and Daftry, Shreyansh and Toupet, Olivier and Wee, Inhwan and Thakur, Abhishek and Feras, Micah and Beltrame, Giovanni and Nikolakopoulos, George and Shim, David and Carlone, Luca and Burdick, Joel},
  title = {NeBula: Quest for Robotic Autonomy in Challenging Environments; TEAM CoSTAR at the DARPA Subterranean Challenge},
  publisher = {arXiv},
  year = {2021}
}

% ========================== LAAS

@article{RB-PRM,
title = {A Reachability-Based Planner for Sequences of Acyclic Contacts in Cluttered Environments},
author = {S. Tonneau and N. Mansard and C. Park and D. Manocha and F. Multon and J. Pettre},
journal = {ISRR},
year = {2015}
}

%@article{Escande2009,
%title={Planning contact supports for acyclic motion with task constraints and %experiment on HRP-2},
%author={Adrien Escande and Abderrahmane Kheddar},
%journal={ISER 2008}
%}

@article{AcyclicCP,  
title={An Efficient Acyclic Contact Planner for Multiped Robots},
author={Tonneau, Steve and Del Prete, Andrea and Pettr{\'e}, Julien and Park, Chonhyon and Manocha, Dinesh and Mansard, Nicolas},  
journal={IEEE Transactions on Robotics 2018}
}

@ARTICLE{CROC,
title={C-CROC: Continuous and Convex Resolution of Centroidal Dynamic Trajectories for Legged Robots in Multicontact Scenarios},
author={P. {Fernbach} and S. {Tonneau} and O. {Stasse} and J. {Carpentier} and M. {Taïx}},
journal={IEEE Transactions on Robotics 2020}
}

%@software{software_robot_RL,
%  author = {Jason Chemin and Pierre-Alexandre L{\'e}ziart and Ewen Dantec},
%  doi = {10.5281/zenodo.6604045},
%  title = {Environment RL for talos and solo robots},
%  url = {https://github.com/JasonChmn/robots_RL},
%  version = {1.0},
%  year = {2022}
%}

@software{random_scene_gen,
    title = {Random scene generator: Playground},
    author = {Daeun Song and Jason Chemin},
    url = {https://github.com/daeunSong/random-scene-gen/tree/playground}
}

@article{sl1m_v1,  
    author={Tonneau, Steve and Song, Daeun and Fernbach, Pierre and Mansard, Nicolas and Taïx, Michel and Del Prete, Andrea},
    booktitle={IEEE-ICRA 2020},  
    title={SL1M: Sparse L1-norm Minimization for contact planning on uneven terrain}
}

@article{sl1m_v2,
      title={Solving Footstep Planning as a Feasibility Problem using L1-norm Minimization},
      author={Daeun Song and Pierre Fernbach and Thomas Flayols and Andrea Del Prete and Nicolas Mansard and Steve Tonneau and Young J. Kim},
      journal={RAL 2020}
}

@article{Tonneau2018_2PAC,
    author = {Tonneau, Steve and Fernbach, Pierre and Prete, Andrea Del and Pettr\'{e}, Julien and Mansard, Nicolas},
    title = {2PAC: Two-Point Attractors for Center Of Mass Trajectories in Multi-Contact Scenarios},
    journal = {ACM SIGGRAPH 2018}
}

@article{pierre_alexandre_2021,  
    author={Léziart, Pierre-Alexandre and Flayols, Thomas and Grimminger, Felix and Mansard, Nicolas and Souères, Philippe},  
    journal={ICRA 2021},   
    title={Implementation of a Reactive Walking Controller for the New Open-Hardware Quadruped Solo-12}
}

@article{fanny_mip_solo,
  TITLE = {{Real time footstep planning and control of the Solo quadruped robot in 3D environments}},
  AUTHOR = {Risbourg, Fanny and Corb{\`e}res, Thomas and L{\'e}ziart, Pierre-Alexandre and Flayols, Thomas and Mansard, Nicolas and Tonneau, Steve},
  YEAR = {2022}
}


@unpublished{ewen_2022,
  TITLE = {{Whole-Body Model Predictive Control for Biped Locomotion on a Torque-Controlled Humanoid Robot}},
  AUTHOR = {Dantec, Ewen Louis and Naveau, Maximilien and Mansard, Nicolas and Fernbach, Pierre and Villa, Nahuel and Saurel, Guilhem and Stasse, Olivier and Ta{\"i}x, Michel},
  YEAR = {2022}
}

@article{carpentier2016_versatile_efficient,
  TITLE = {A Versatile and Efficient Pattern Generator for Generalized Legged Locomotion},
  AUTHOR = {Carpentier, Justin and Tonneau, Steve and Naveau, Maximilien and Stasse, Olivier and Mansard, Nicolas},
  BOOKTITLE = {IEEE-ICRA 2016}
}

@article{loco3d,
  TITLE = {{Multi-contact Locomotion of Legged Robots in Complex Environments -- The Loco3D project}},
  AUTHOR = {Carpentier, Justin and Del Prete, Andrea and Tonneau, Steve and Flayols, Thomas and Forget, Florent and Mifsud, Alexis and Giraud--Esclasse, Kevin and Atchuthan, Dinesh and Fernbach, Pierre and Budhiraja, Rohan and Geisert, Mathieu  and Sol{\`a}, Joan and Stasse, Olivier and Mansard, Nicolas},
  journal = {RSS Workshop on Challenges in Dynamic Legged Locomotion}
}

%@article{HPP_software,
%  TITLE = {HPP: a new software for constrained motion planning},
%  AUTHOR = {Mirabel, Joseph and Tonneau, Steve and Fernbach, Pierre and Sepp{\"a}l{\"a}, Anna-Kaarina and Campana, Myl{\`e}ne and Mansard, Nicolas and Lamiraux, Florent},
%  journal = {IEEE IROS 2016}
%}

@article{talos_robot, 
    title={TALOS: A new humanoid research platform targeted for industrial applications},
    author={Stasse, O. and Flayols, T. and Budhiraja, R. and Giraud-Esclasse, K. and Carpentier, J. and Mirabel, J. and Del Prete, A. and Souères, P. and Mansard, N. and Lamiraux, F. and Laumond, J.-P. and Marchionni, L. and Tome, H. and Ferro, F.},  
    journal={IEEE Humanoids 2017}
}

%@article{pinocchio,
%  title={The {P}inocchio {C}++ library -- {A} fast and flexible implementation of rigid body dynamics algorithms and their analytical derivatives},
%  author={J. Carpentier and G. Saurel and G. Buondonno and J. Mirabel and F. Lamiraux and O. Stasse and N. Mansard},
%  journal={International Symposium on System Integration (SII) 2019}
%}

@ARTICLE{differentiable_sim_ledilec_2021,
  author={Le Lidec, Quentin and Kalevatykh, Igor and Laptev, Ivan and Schmid, Cordelia and Carpentier, Justin},
  journal={IEEE Robotics and Automation Letters}, 
  title={Differentiable Simulation for Physical System Identification}, 
  year={2021}
}

@unpublished{carpentier_fix_differentiable_OC,
  TITLE = {Leveraging Randomized Smoothing for Optimal Control of Nonsmooth Dynamical Systems},
  AUTHOR = {Le Lidec, Quentin and Montaut, Louis and Schmid, Cordelia and Laptev, Ivan and Carpentier, Justin},
  YEAR = {2022}
}

@article{BangaruMichel2021DiscontinuousAutodiff,
  title = {Systematically Differentiating Parametric Discontinuities},
  author = {Bangaru, Sai and Michel, Jesse and Mu, Kevin and Bernstein, Gilbert and Li, Tzu-Mao and Ragan-Kelley, Jonathan},
  journal = {ACM Trans. Graph.},
  year = {2021}
}

@article{carpentier_survey_locomotion_robot,
  TITLE = {{Recent Progress in Legged Robots Locomotion Control}},
  AUTHOR = {Carpentier, Justin and Wieber, Pierre-Brice},
  JOURNAL = {Current Robotics Reports 2021}
}

@article{florent2012,
  TITLE = {{Experiments on whole-body manipulation and locomotion with footstep real-time optimization}},
  AUTHOR = {Dang, Duong and Laumond, Jean-Paul and Lamiraux, Florent},
  BOOKTITLE = {IEEE-RAS 2012}
}

@ARTICLE{perrin_2012,  
    title={Fast Humanoid Robot Collision-Free Footstep Planning Using Swept Volume Approximations},
    author={Perrin, Nicolas and Stasse, Olivier and Baudouin, Léo and Lamiraux, Florent and Yoshida, Eiichi},  journal={IEEE TRO 2012}
}

%@article {adelprete:jnrh:2016,
%    title = {Implementing Torque Control with High-Ratio Gear Boxes and without Joint-Torque Sensors},
%    booktitle = {Int. Journal of Humanoid Robotics 2016},
%    author = {Andrea Del Prete, Nicolas Mansard, Oscar E Ramos, Olivier Stasse, Francesco Nori}
%}

@article{rebula_2007_little_dog,  
    title={A Controller for the LittleDog Quadruped Walking on Rough Terrain},
    author={Rebula, John R. and Neuhaus, Peter D. and Bonnlander, Brian V. and Johnson, Matthew J. and Pratt, Jerry E.},  journal={IEEE ICRA 2007}
}

@article{hutter_last_work_nmpc,
    title = {Perceptive Locomotion through Nonlinear Model Predictive Control},
    author = {Grandia, Ruben and Jenelten, Fabian and Yang, Shaohui and Farshidian, Farbod and Hutter, Marco},
    year = {2022}
}

@article{baudouin_perrin_2011,
  TITLE = {Real-time Replanning Using 3D Environment for Humanoid Robot},
  AUTHOR = {Baudouin, L{\'e}o and Perrin, Nicolas and Moulard, Thomas and Lamiraux, Florent and Stasse, Olivier and Yoshida, Eiichi},
  journal = {IEEE-RAS International Conference on Humanoid Robots (HUMANOIDS) 2011},
}

@phdthesis{ferrari_thesis_2021,
  TITLE = {Motion Planning Techniques for Humanoid Robots},
  AUTHOR = {Paolo Ferrari},
  YEAR = {2021},
}

% ================= FR

@phdthesis{abdul_karim_2012,
  TITLE = {Procedural locomotion of multi-legged characters in complex dynamic environments : real-time applications},
  AUTHOR = {Abdul Karim, Ahmad},
  YEAR = {2012},
}



% ==================== Contact planning

@book{raibert_heuritics_1986,
    author = {Raibert, Marc},
    title = {Legged Robots That Balance},
    year = {1986},
    publisher = {MIT Press},
}

@article{bretl2006,
    author = {Timothy Bretl},
    title ={Motion Planning of Multi-Limbed Robots Subject to Equilibrium Constraints: The Free-Climbing Robot Problem},
    journal = {The International Journal of Robotics Research 2006}
}


@article{hauser_bretl_2008,
    author = {Kris Hauser and Timothy Bretl and Jean-Claude Latombe and Kensuke Harada and Brian Wilcox},
    title ={Motion Planning for Legged Robots on Varied Terrain},
    journal = {The International Journal of Robotics Research 2008}
}

@article{deits2014FootPlanMI,
    title={Footstep planning on uneven terrain with mixed-integer convex optimization}, 
    author={R. {Deits} and R. {Tedrake}},  
    booktitle={IEEE-RAS International Conference on Humanoid Robots 2014},   
}

%@article{CP_MIP_FALLON, 
%    title={Continuous humanoid locomotion over uneven terrain using stereo fusion},
%    author={Fallon, Maurice F. and Marion, Pat and Deits, Robin and Whelan, Thomas and Antone, Matthew and McDonald, John and Tedrake, Russ},  
%    booktitle={IEEE Humanoids 2015}
%}

%@article{van_de_panne_grasp,
%    author="Maciej Kalisiak and Michiel van de Panne",
%    title="A Grasp-based Motion Planning Algorithm for Character Animation",
%    booktitle="Computer Animation and Simulation 2000"
%}

@article{posa2014,
    author = {Michael Posa and Cecilia Cantu and Russ Tedrake},
    title ={A direct method for trajectory optimization of rigid bodies through contact},
    journal = {The International Journal of Robotics Research},
    volume = {33},
    number = {1},
    pages = {69-81},
    year = {2014}
}
@article{Dai_2014,  
    title={Whole-body motion planning with centroidal dynamics and full kinematics},
    author={Dai, Hongkai and Valenzuela, Andrés and Tedrake, Russ},  
    journal={IEEE-RAS 2014}
}

@article{ponton_righetti_2020,
  author    = {Brahayam Ponton and
               Majid Khadiv and
               Avadesh Meduri and
               Ludovic Righetti},
  title     = {Efficient Multi-Contact Pattern Generation with Sequential Convex
               Approximations of the Centroidal Dynamics},
  journal   = {CoRR 2020}
}

@article{prete_featherstone_2017,
  TITLE = {{High-slope Terrain Locomotion for Torque-Controlled Quadruped Robots}},
  AUTHOR = {Focchi, Michele and del Prete, Andrea and Havoutis, Ioannis and Featherstone, Roy and Caldwell, Darwin and Semini, Claudio},
  JOURNAL = {Autonomous Robots 2017}
}

@article{lin_motion_planning_2016,
    author = {Lin, Yu-Chi and Berenson, Dmitry},
    title = {Using Previous Experience for Humanoid Navigation Planning},
    booktitle = {IEEE-RAS 16th International Conference on Humanoid Robots (Humanoids) 2016}
}



@article{lin_cp_mbc,
  author    = {Yu{-}Chi Lin and
               Brahayam Ponton and
               Ludovic Righetti and
               Dmitry Berenson},
  title     = {Efficient Humanoid Contact Planning using Learned Centroidal Dynamics
               Prediction},
  journal   = {CoRR},
  year      = {2018}
}



@phdthesis{Zucker_thesis_2010,
    author = {Matthew Zucker},
    title = {Learning and Optimization Methods for High Level Planning},
    school = {Carnegie Mellon University},
    year = {2010}
}

@article{ara_r_hornung_2012,  
    author={Hornung, Armin and Dornbush, Andrew and Likhachev, Maxim and Bennewitz, Maren},  
    journal={IEEE-RAS International Conference on Humanoid Robots (Humanoids) 2012},   
    title={Anytime search-based footstep planning with suboptimality bounds}
}

@article{griffin_rough_terrain_grid_2019,
    title = {Footstep Planning for Autonomous Walking Over Rough Terrain},
    author = {Griffin, Robert J. and Wiedebach, Georg and McCrory, Stephen and Bertrand, Sylvain and Lee, Inho and Pratt, Jerry},
    journal = {2019 IEEE-RAS 19th International Conference on Humanoid Robots (Humanoids) 2019}
}

@article{chestnutt_2009_interactive_guide,  
    author={Chestnutt, Joel and Nishiwaki, Koichi and Kuffner, James and Kagami, Satoshi},  
    booktitle={2009 IEEE/RSJ International Conference on Intelligent Robots and Systems},   
    title={Interactive control of humanoid navigation}
}

@article{chestnutt_laser_2012,
    author = {Nishiwaki, Koichi and Chestnutt, Joel and Kagami, Satoshi},
    title = {Autonomous Navigation of a Humanoid Robot over Unknown Rough Terrain Using a Laser Range Sensor},
    year = {2012},
    journal = {Int. J. Rob. Res. 2012}
}

@article{chestnutt_tiered_planning_2004,  
    author={Chestnutt, J. and Kuffner, J.J.},  
    journal={IEEE-RAS International Conference on Humanoid Robots 2004},   
    title={A tiered planning strategy for biped navigation}
}

@article{kumagai_2020,  
    author={Kumagai, Iori and Morisawa, Mitsuharu and Hattori, Shizuko and Benallegue, Mehdi and Kanehiro, Fumio},
    journal={IEEE-RAL 2020},   
    title={Multi-Contact Locomotion Planning for Humanoid Robot Based on Sustainable Contact Graph With Local Contact Modification}
}

@article{Vernaza2009SearchbasedPF,
  title={Search-based planning for a legged robot over rough terrain},
  author={Paul Vernaza and Maxim Likhachev and Subhrajit Bhattacharya and Sachin Chitta and Aleksandr Kushleyev and Daniel D. Lee},
  journal={IEEE ICRA 2009}
}

@article{yoshida_2005,
    author = {Yoshida, Eiichi and Belousov, I. and Esteves, Claudia and Laumond, Jean-Paul},
    year = {2005},
    journal = {International Conference on Humanoid Robots}
}

@article{thesis_kuffner_1999,
    author = {James Kuffner},
    year = {1999},
    title = {Autonomous agents for real-time animation}
}

@article{pettre_2_stages_2003,
  TITLE = {{A 2-stages locomotion planner for digital actors}},
  AUTHOR = {Pettr{\'e}, Julien and Laumond, Jean-Paul and Simeon, Thierry},
  journal = {{ACM SIGGRAPH/Eurographics symposium on Computer animation}},
  YEAR = {2003}
}

@article{kolter_2008,  
    author={Kolter, J. Zico and Rodgers, Mike P. and Ng, Andrew Y.},  
    title={A control architecture for quadruped locomotion over rough terrain}, 
    booktitle={IEEE ICRA},   
    year={2008}
}

@article{terrain_map_mrinal_2011,
    author = {Mrinal Kalakrishnan and Jonas Buchli and Peter Pastor and Michael Mistry and Stefan Schaal},
    title ={Learning, planning, and control for quadruped locomotion over challenging terrain},
    journal = {The International Journal of Robotics Research},
    year = {2011}
}

@article{winkler_2014,
    title={Path planning with force-based foothold adaptation and virtual model control for torque controlled quadruped robots},   
    author={Winkler, Alexander and Havoutis, Ioannis and Bazeille, Stephane and Ortiz, Jesus and Focchi, Michele and Dillmann, Rüdiger and Caldwell, Darwin and Semini, Claudio},  
    booktitle={IEEE ICRA},
    year={2014}
}

@article{wermelinger_2016,  
    author={Wermelinger, Martin and Fankhauser, Péter and Diethelm, Remo and Krüsi, Philipp and Siegwart, Roland and Hutter, Marco},  
    journal={IEEE IROS},   
    title={Navigation planning for legged robots in challenging terrain},   
    year={2016}
}

@article{egges_2010,
    title = {One step at a time: Animating virtual characters based on foot placement},
    author = {Egges, Arjan and Van Basten, Ben},
    journal = {The Visual Computer},
    year = {2010}
}

@article{winkler_carlos_2015,
  TITLE = {{Planning and Execution of Dynamic Whole-Body Locomotion for a Hydraulic Quadruped on Challenging Terrain}},
  AUTHOR = {Winkler, Alexander W and Mastalli, Carlos and Havoutis, Ioannis and Focchi, Michele and Caldwell, Darwin G. and Semini, Claudio},
  journal = {IEEE ICRA},
  YEAR = {2015}
}

@ARTICLE{Hildebrandt_lola_2017,  
    author={Hildebrandt, Arne-Christoph and Klischat, Moritz and Wahrmann, Daniel and Wittmann, Robert and Sygulla, Felix and Seiwald, Philipp and Rixen, Daniel and Buschmann, Thomas},  
    journal={IEEE RAL},   
    title={Real-Time Path Planning in Unknown Environments for Bipedal Robots},   year={2017}
}

@article{bouyarmane2018,
  author = {Bouyarmane, Karim and Caron, St{\'e}phane and Escande, Adrien and Kheddar, Abderrahmane},
  title = {Multi-contact Motion Planning and Control},
  booktitle = {Humanoid Robotics: A Reference},
  year = {2018}
}

@article{bouyarmane_2009,
  TITLE = {{Potential Field Guide for Humanoid Multicontacts Acyclic Motion Planning}},
  AUTHOR = {Bouyarmane, Karim and Escande, Adrien and Lamiraux, Florent and Kheddar, Abderrahmane},
  journal = {IEEE ICRA},
  YEAR = {2009}
}

@inproceedings{norby_skd_2022,
    author        = {Joseph Norby and Yanhao Yang and Ardalan Tajbakhsh and Jiming Ren and Justin K. Yim and Alexandra Stutt and Qishun Yu and Nikolai Flowers and Aaron M. Johnson},
    title         = {Quad-{SDK}: Full Stack Software Framework for Agile Quadrupedal Locomotion},
    booktitle     = {ICRA Workshop on Legged Robots},
    year          = {2022}
}


% ==================== Robotics

@article{rl_robotics_survey_2013,
    author = {Kober, Jens and Bagnell, J. and Peters, Jan},
    year = {2013},
    title = {Reinforcement Learning in Robotics: A Survey},
    journal = {The International Journal of Robotics Research}
}

@article{hauser_prm_motion_planning_2005,  
    author={Hauser, K. and Bretl, T. and Latombe, J.-C.},  
    journal={IEEE-RAS International Conference on Humanoid Robots 2005},   
    title={Non-gaited humanoid locomotion planning}
}



@article{caron_2018_whole_body,
  author    = {St{\'{e}}phane Caron and
               Adrien Escande and
               Leonardo Lanari and
               Bastien Mallein},
  title     = {Capturability-based Analysis, Optimization and Control of 3D Bipedal Walking},
  journal   = {CoRR 2018}
}

@article{history_humanoid_robots,
    author = {Toshio Fukuda  and Paolo Dario  and Guang-Zhong Yang },
    title = {Humanoid robotics: History, current state of the art, and challenges},
    journal = {Science Robotics},
    year = {2017}
}



%@article{kajita2001LIP,
%  author={Kajita, S. and Kanehiro, F. and Kaneko, K. and Yokoi, K. and Hirukawa, H.},
%  booktitle={IEEE-RSJ International Conference on Intelligent Robots and Systems 2001}, 
%  title={The 3D linear inverted pendulum mode: a simple modeling for a biped walking pattern generation}, 
%  year={2001}
%}

@article{kajita2002LIP2,  
    author={Kajita, S. and Kanehiro, F. and Kaneko, K. and Fujiwara, K. and Yokoi, K. and Hirukawa, H.},  
    journal={IEEE ICRA},   
    title={A realtime pattern generator for biped walking},   
    year={2002}
}

@article{kajita2003ZMP,  
    author={Kajita, S. and Kanehiro, F. and Kaneko, K. and Fujiwara, K. and Harada, K. and Yokoi, K. and Hirukawa, H.},  
    booktitle={IEEE ICRA 2003},   
    title={Biped walking pattern generation by using preview control of zero-moment point}
}

@article{herd_2010,
  TITLE = {Online Walking Motion Generation with Automatic Foot Step Placement},
  AUTHOR = {Herdt, Andrei and Diedam, Holger and Wieber, Pierre-Brice and Dimitrov, Dimitar and Mombaur, Katja and Diehl, Moritz},
  JOURNAL = {Advanced Robotics 2010}
}

@article{herd_perrin_2010,
  TITLE = {{Walking without thinking about it}},
  AUTHOR = {Herdt, Andrei and Perrin, Nicolas and Wieber, Pierre-Brice},
  BOOKTITLE = {IEEE-IROS 2010},
}

@ARTICLE{naveau2017,
  author={Naveau, M. and Kudruss, M. and Stasse, O. and Kirches, C. and Mombaur, K. and Souères, P.},
  journal={IEEE Robotics and Automation Letters 2017}, 
  title={A Reactive Walking Pattern Generator Based on Nonlinear Model Predictive Control}
}

@article{hutter_challenging_terrain,
  author    = {Joonho Lee and
               Jemin Hwangbo and
               Lorenz Wellhausen and
               Vladlen Koltun and
               Marco Hutter},
  title     = {Learning Quadrupedal Locomotion over Challenging Terrain},
  journal   = {CoRR 2020}
}

@book{Chevallereau_book,
  author    = {Westervelt, E.R., Grizzle, J.W., Chevallereau, C., Choi, J.H., and Morris, B.},
  title     = {Feedback Control of Dynamic Bipedal Robot Locomotion},
  date      = {2007}
}

@article{grizzle_chevallereau_2010,
title = {3D Bipedal Robotic Walking: Models, Feedback Control, and Open Problems},
journal = {IFAC Symposium on Nonlinear Control Systems 2010}
}

%@article{zmp_history,
%    author = {Vukobratovic, Miomir and Borovac, Branislav},
%    year = {2004},
%    title = {Zero-Moment Point - Thirty Five Years of its Life.},
%    journal = {I. J. Humanoid Robotics 2004}
%}

@ARTICLE{Chevallereau_2008_zmp,  
    author={Chevallereau, Christine and Djoudi, Dalila and Grizzle, Jessy W.},  journal={IEEE Transactions on Robotics 2008},   
    title={Stable Bipedal Walking With Foot Rotation Through Direct Regulation of the Zero Moment Point}
}

@article{gait_pattern_2001,  
    author={Tsujita, K. and Tsuchiya, K. and Onat, A.},  
    booktitle={IEEE/RSJ International Conference on Intelligent Robots and Systems 2001},   
    title={Adaptive gait pattern control of a quadruped locomotion robot}
}

@book{kajita_intro_humanoid_robotics,
    author = {Shuuji Kajita, Hirohisa Hirukawa, Kensuke Harada, Kazuhito Yokoi},
    title = {Introduction to Humanoid Robotics},
    date = {2014}
}


%@article{capturability_locomotion_pratt_2012,
%    author = {Twan Koolen and Tomas de Boer and John Rebula and Ambarish Goswami and Jerry Pratt},
%    title ={Capturability-based analysis and control of legged locomotion, Part 1: Theory and application to three simple gait models},
%    journal = {The International Journal of Robotics Research 2012}
%}

@article{rezazadeh_hurst_atrias_2020,
    author = {Siavash Rezazadeh and Jonathan W Hurst},
    title ={Control of ATRIAS in three dimensions: Walking as a forced-oscillation problem},
    journal = {The International Journal of Robotics Research},
    year = {2020}
}


@article{atrias_rl_sim_to_real,
  author    = {Tianyu Li and
               Akshara Rai and
               Hartmut Geyer and
               Christopher G. Atkeson},
  title     = {Using Deep Reinforcement Learning to Learn High-Level Policies on
               the {ATRIAS} Biped},
  journal   = {CoRR 2018}
}

@article{liu_sim_to_real_2019,
  author    = {Wenhao Yu and
               Visak C. V. Kumar and
               Greg Turk and
               C. Karen Liu},
  title     = {Sim-to-Real Transfer for Biped Locomotion},
  journal   = {CoRR 2019}
}


@article{Cassie_feedback_control_2018,
  author    = {Yukai Gong and
               Ross Hartley and
               Xingye Da and
               Ayonga Hereid and
               Omar Harib and
               Jiunn{-}Kai Huang and
               Jessy W. Grizzle},
  title     = {Feedback Control of a Cassie Bipedal Robot: Walking, Standing, and
               Riding a Segway},
  journal   = {CoRR 2018}
}


%@article{cassie_residual_rl_2020,
%  title =   {Learning Locomotion Skills for Cassie: Iterative Design and Sim-to-Real},
%  author =       {Xie, Zhaoming and Clary, Patrick and Dao, Jeremy and Morais, Pedro and Hurst, Jonanthan and van de Panne, Michiel},
%  journal =   {Proceedings of the Conference on Robot Learning 2020}
%}

@article{residual_rl_cassie_2021,  
    author={Duan, Helei and Dao, Jeremy and Green, Kevin and Apgar, Taylor and Fern, Alan and Hurst, Jonathan},  
    booktitle={2021 IEEE International Conference on Robotics and Automation (ICRA)},   
    title={Learning Task Space Actions for Bipedal Locomotion},   
    year={2021}
}


@article{CassieLi2021,
    title={Reinforcement Learning for Robust Parameterized Locomotion Control of Bipedal Robots},
  author={Li, Zhongyu and Cheng, Xuxin and Peng, Xue Bin and Abbeel, Pieter and Levine, Sergey and Berseth, Glen and Sreenath, Koushil},
  booktitle={IEEE-ICRA 2021}
  
}

@article{Mouret_adapt_like_animals_2014,
  author    = {Antoine Cully and
               Jeff Clune and
               Jean{-}Baptiste Mouret},
  title     = {Robots that can adapt like natural animals},
  journal   = {CoRR 2014}
}

@article{nao_rl_world_docking,
title = {Real-world reinforcement learning for autonomous humanoid robot docking},
journal = {IEEE-RAS 2012},
author = {Nicolás Navarro-Guerrero and Cornelius Weber and Pascal Schroeter and Stefan Wermter}
}

@article{leo_robot_2010,  
    author={Schuitema, Erik and Wisse, Martijn and Ramakers, Thijs and Jonker, Pieter},  
    journal={IEEE-RSJ International Conference on Intelligent Robots and Systems 2010},   
    title={The design of LEO: A 2D bipedal walking robot for online autonomous Reinforcement Learning}
}

@inproceedings{tedrake2005learning,
  title={Learning to walk in 20 minutes},
  author={Tedrake, Russ and Zhang, Teresa Weirui and Seung, H Sebastian and others},
  journal={Proceedings of the Fourteenth Yale Workshop on Adaptive and Learning Systems 2005}
}

@article{sergey_2018,
    title     = {Learning to Walk via Deep Reinforcement Learning},
    author    = {Tuomas Haarnoja and
               Aurick Zhou and
               Sehoon Ha and
               Jie Tan and
               George Tucker and
               Sergey Levine},
    journal   = {CoRR 2018}
}

@article{deepmind_locomotion_RL,
  author    = {Roland Hafner and
               Tim Hertweck and
               Philipp Kl{\"{o}}ppner and
               Michael Bloesch and
               Michael Neunert and
               Markus Wulfmeier and
               Saran Tunyasuvunakool and
               Nicolas Heess and
               Martin A. Riedmiller},
  title     = {Towards General and Autonomous Learning of Core Skills: {A} Case Study
               in Locomotion},
  journal   = {CoRR 2020}
}


@article{rl_wild_heess_2022,
  title =    {Towards Real Robot Learning in the Wild: A Case Study in Bipedal Locomotion},
  author =       {Bloesch, Michael and Humplik, Jan and Patraucean, Viorica and Hafner, Roland and Haarnoja, Tuomas and Byravan, Arunkumar and Siegel, Noah Yamamoto and Tunyasuvunakool, Saran and Casarini, Federico and Batchelor, Nathan and Romano, Francesco and Saliceti, Stefano and Riedmiller, Martin and Eslami, S. M. Ali and Heess, Nicolas},
  journal =    {PMLR 2022}
}

@article{yang2022safe,
  title={Safe Reinforcement Learning for Legged Locomotion},
  author={Yang, Tsung-Yen and Zhang, Tingnan and Luu, Linda and Ha, Sehoon and Tan, Jie and Yu, Wenhao},
  journal={arXiv 2022},
  year={2022}
}

@article{schulman_2014_collision,
    author = {John Schulman and Yan Duan and Jonathan Ho and Alex Lee and Ibrahim Awwal and Henry Bradlow and Jia Pan and Sachin Patil and Ken Goldberg and Pieter Abbeel},
    title ={Motion planning with sequential convex optimization and convex collision checking},
    journal = {The International Journal of Robotics Research 2014}
}

%@article{collision_avoidance,  
%    author={Brossette, Stanislas and Wieber, Pierre-Brice},  
%    journal={IEEE-RAS 17th International Conference on Humanoid Robotics (Humanoids) 2017},   
%    title={Collision avoidance based on separating planes for feet trajectory generation},
%}

%@article{trinkle_2000_stability,
%    author = {Prof, J.-S and Trinkle, J.C. (Jeff)},
%    title = {Stability Characterizations of Rigid Body Contact Problems with Coulomb Friction},
%    journal = {ZAMM ‐ Journal of Applied Mathematics and Mechanics 2000}
%}

@article{trinkle_2002_cwc,
    author = {Devin J. Balkcom and J.C. Trinkle},
    title ={Computing Wrench Cones for Planar Rigid Body Contact Tasks},
    journal = {The International Journal of Robotics Research 2002},
}

@article{prete_static_equilibrium_2016,  
    title={Fast algorithms to test robust static equilibrium for legged robots},
    author={Del Prete, Andrea and Tonneau, Steve and Mansard, Nicolas},  
    booktitle={IEEE-ICRA 2016}
}

% ==================== DeepLoco like

@ARTICLE{RLOC,  
    title={RLOC: Terrain-Aware Legged Locomotion Using Reinforcement Learning and Optimal Control},
    author={Gangapurwala, Siddhant and Geisert, Mathieu and Orsolino, Romeo and Fallon, Maurice and Havoutis, Ioannis},  
    journal={IEEE TRO 2022} 
}

@ARTICLE{deepGait,  
    author={Tsounis, Vassilios and Alge, Mitja and Lee, Joonho and Farshidian, Farbod and Hutter, Marco},  journal={IEEE RAL 2020},   
    title={DeepGait: Planning and Control of Quadrupedal Gaits Using Deep Reinforcement Learning}
}

@article{deepLoco,
  title={DeepLoco: Dynamic Locomotion Skills Using Hierarchical Deep Reinforcement Learning},
  author={Xue Bin Peng and Glen Berseth and KangKang Yin and Michiel van de Panne},
  journal = {ACM SIGGRAPH 2017},
}

@article{ALLSTEPS_2020,
  title={ALLSTEPS: Curriculum-driven Learning of Stepping Stone Skills},
  author={Zhaoming Xie and Hung Yu Ling and Nam Hee Kim and Michiel van de Panne},
  journal = {ACM SIGGRAPH 2020},
  year={2020}
}


@article{PPO_2017,
  author    = {John Schulman and
               Filip Wolski and
               Prafulla Dhariwal and
               Alec Radford and
               Oleg Klimov},
  title     = {Proximal Policy Optimization Algorithms},
  journal   = {CoRR},
  year      = {2017}
}

@article{TD3_2018,
  author    = {Scott Fujimoto and
               Herke van Hoof and
               David Meger},
  title     = {Addressing Function Approximation Error in Actor-Critic Methods},
  journal   = {CoRR},
  year      = {2018}
}

@article{SAC_2018,
  author    = {Tuomas Haarnoja and
               Aurick Zhou and
               Pieter Abbeel and
               Sergey Levine},
  title     = {Soft Actor-Critic: Off-Policy Maximum Entropy Deep Reinforcement Learning
               with a Stochastic Actor},
  journal   = {CoRR},
  year      = {2018}
}

@article{Lee_muscles_rl_2019,
    author = {Lee, Seunghwan and Park, Moonseok and Lee, Kyoungmin and Lee, Jehee},
    title = {Scalable Muscle-Actuated Human Simulation and Control},
    year = {2019},
    journal = {ACM Trans. Graph.}
}

@misc{papier_rohan_wbc_rl_2022,
  author = {Singh, Rohan Pratap and Benallegue, Mehdi and Morisawa, Mitsuharu and Cisneros, Rafael and Kanehiro, Fumio},
  title = {Learning Bipedal Walking On Planned Footsteps For Humanoid Robots},
  publisher = {arXiv},
  year = {2022}
}

@article{ladder_robot,  
    author={Yajia Zhang and Jingru Luo and Hauser, Kris and Ellenberg, Robert and Oh, Paul and Park, H. Andy and Paldhe, Manas and Lee, C.S. George},  
    journal={IEEE Conference on Technologies for Practical Robot Applications (TePRA)},   
    title={Motion planning of ladder climbing for humanoid robots},   
    year={2013}
}

@article{ladder_robot_2,  
    author={Vaillant, Joris and Kheddar, Abderrahmane and Audren, Hervé and Keith, François and Brossette, Stanislas and Kaneko, Kenji and Morisawa, Mitsuharu and Yoshida, Eiichi and Kanehiro, Fumio},  
    journal={IEEE International Conference on Humanoid Robots},   
    title={Vertical ladder climbing by the HRP-2 humanoid robot},   
    year={2014}
}

% =================== Other locomotion


%@article{MPC_van_de_panne,
%    author = {Kwon, Taesoo and Lee, Yoonsang and Van De Panne, Michiel},
%    title = {Fast and Flexible Multilegged Locomotion Using Learned Centroidal Dynamics},
%    journal = {ACM SIGGRAPH 2020},
%}

@article{mordatch2012DiscCIopt,
    author = {Mordatch, Igor and Todorov, Emanuel and Popovi\'{c}, Zoran},
    title = {Discovery of Complex Behaviors through Contact-Invariant Optimization},
    journal = {ACM SIGGRAPH 2012}
}

@article{hurst_2018,
  title={Fast Online Trajectory Optimization for the Bipedal Robot Cassie},
  author={Taylor Apgar and Patrick Clary and Kevin R. Green and Alan Fern and Jonathan W. Hurst},
  journal={Robotics: Science and Systems 2018}
}

@article{Winkler2017_TO,
  author    = {Alexander W. Winkler and
               Farbod Farshidian and
               Diego Pardo and
               Michael Neunert and
               Jonas Buchli},
  title     = {Fast Trajectory Optimization for Legged Robots using Vertex-based {ZMP} Constraints},
  journal   = {CoRR 2017}
}

@ARTICLE{winkler2018GaitOpt,  
    title={Gait and Trajectory Optimization for Legged Systems Through Phase-Based End-Effector Parameterization},
    author={A. W. {Winkler} and C. D. {Bellicoso} and M. {Hutter} and J. {Buchli}},  
    journal={IEEE RAL 2018}
}

@article{carlos_2019,
  author    = {Bernardo Aceituno{-}Cabezas and
               Carlos Mastalli and
               Hongkai Dai and
               Michele Focchi and
               Andreea Radulescu and
               Darwin G. Caldwell and
               Jos{\'{e}} Cappelletto and
               Juan C. Grieco and
               Gerardo Fern{\'{a}}ndez{-}L{\'{o}}pez and
               Claudio Semini},
  title     = {Simultaneous Contact, Gait and Motion Planning for Robust Multi-Legged
               Locomotion via Mixed-Integer Convex Optimization},
  journal   = {CoRR 2019}
}

%@article{carlos_2020,
%  author    = {Carlos Mastalli and
%               Ioannis Havoutis and
%               Michele Focchi and
%               Darwin G. Caldwell and
%               Claudio Semini},
%  title     = {Motion Planning for Quadrupedal Locomotion: Coupled Planning, Terrain
%               Mapping and Whole-Body Control},
%  journal   = {CoRR 2020}
%}



% ======================= Contact planning

@article{Chestnutt2007NavigationPF,
  title={Navigation planning for legged robots},
  author={Joel E. Chestnutt},
  year={2007}
}

@conference{Chestnutt2003,
    author = {Joel Chestnutt and James Kuffner and Koichi Nishiwaki and Satoshi Kagami},
    title = {Planning Biped Navigation Strategies in Complex Environments},
    booktitle = {IEEE-RAS International Conference on Humanoid Robots (Humanoids) 2003}
}

@article{escande_2006,  
    author={Escande, Adrien and Kheddar, Abderrahmane and Miossec, Sylvain},  
    journal={IEEE-RSJ International Conference on Intelligent Robots and Systems 2006},   
    title={Planning support contact-points for humanoid robots and experiments on HRP-2}
}

@article{escande_2008,
  TITLE = {{Challenges in Contact-Support Planning for Acyclic Motion of Humanoids and Androids}},
  AUTHOR = {Kheddar, Abderrahmane and Escande, Adrien},
  journal = {ISR: International Symposium on Robotics},
  YEAR = {2008}
}

@article{castro_2019,  
    author={Castro, Germán and Sammut, Claude},  
    booktitle={IEEE-IROS 2019},   
    title={Learning footstep planning on irregular surfaces with partial placements}
}

@article{Scianca_2020,
  author    = {Nicola Scianca and
               Daniele De Simone and
               Leonardo Lanari and
               Giuseppe Oriolo},
  title     = {MPC for Humanoid Gait Generation: Stability and Feasibility},
  journal   = {CoRR 2019}
}

@article{lin_traversability_2018,  
    author={Lin, Yu-Chi and Berenson, Dmitry},  
    journal={IEEE IROS},   
    title={Humanoid Navigation Planning in Large Unstructured Environments Using Traversability - Based Segmentation},   
    year={2018}
}

@article{brandao_multimode_2019,  
    author={Brandão, Martim and Fallon, Maurice and Havoutis, Ioannis},  
    booktitle={IEEE IROS},   
    title={Multi-controller multi-objective locomotion planning for legged robots},
    year={2019}
}

@ARTICLE{brandao_2020,  
    author={Brandão, Martim and Aladag, Omer Burak and Havoutis, Ioannis},
    title={GaitMesh: Controller-Aware Navigation Meshes for Long-Range Legged Locomotion Planning in Multi-Layered Environments},   
    journal={IEEE RAL},
    year={2020}
}

% ==================== Viusalization / heightmap

%@ARTICLE{probabilistic_heightmap_terrain_eth,
%    title={Probabilistic Terrain Mapping for Mobile Robots With Uncertain Localization},
%    author={Fankhauser, Péter and Bloesch, Michael and Hutter, Marco},  
%    journal={IEEE RAL 2018}
%}

% ==================== Graphics

%@article{openai2019dota,
%  title={Dota 2 with Large Scale Deep Reinforcement Learning},
%  author={OpenAI and Christopher Berner and Greg Brockman and Brooke Chan and Vicki Cheung and Przemysław Dębiak and Christy Dennison and David Farhi and Quirin Fischer and Shariq Hashme and Chris Hesse and Rafal Józefowicz and Scott Gray and Catherine Olsson and Jakub Pachocki and Michael Petrov and Henrique Pondé de Oliveira Pinto and Jonathan Raiman and Tim Salimans and Jeremy Schlatter and Jonas Schneider and Szymon Sidor and Ilya Sutskever and Jie Tang and Filip Wolski and Susan Zhang},
%  year={2019},
%  eprint={1912.06680},
%  archivePrefix={arXiv},
%  url={https://arxiv.org/abs/1912.06680}
%}

%@article{Kovar2002,
%author = {Kovar, Lucas and Gleicher, Michael and Pighin, Fr\'{e}d\'{e}ric},
%title = {Motion Graphs},
%journal = {ACM SIGGRAPH 2002}
%}

%@article{jehee_lee_2006,
%    author = {Lee, Jehee and Lee, Kang Hoon},
%    title = {Precomputing Avatar Behavior from Human Motion Data},
%    publisher = {Eurographics 2004}
%}

%@article{jehee_lee_2002,
%author = {Lee, Jehee and Chai, Jinxiang and Reitsma, Paul S. A. and Hodgins, Jessica K. and Pollard, Nancy S.},
%title = {Interactive Control of Avatars Animated with Human Motion Data},
%journal = {ACM Trans. Graph. 2002}
%}

%@article{motion_matching,
%    author = {Michael Büttner and Simon Clavet},
%    title = "Motion Matching - The Road to Next Gen Animation",
%    journal = {Nucl.ai 2015},
%    url = {https://www.youtube.com/watch?v=z_wpgHFSWss&t=658s&ab_channel=MichaelButtner}
%}

@article{learned_motion_matching,
    author = {Holden, Daniel and Kanoun, Oussama and Perepichka, Maksym and Popa, Tiberiu},
    title = {Learned Motion Matching},
    journal = {ACM SIGGRAPH 2020}
}

@article{pfnn,
    author = {Holden, Daniel and Komura, Taku and Saito, Jun},
    title = {Phase-Functioned Neural Networks for Character Control},
    journal = {ACM SIGGRAPH 2017}
}

%@article{pfnn_wolf,
%author = {Zhang, He and Starke, Sebastian and Komura, Taku and Saito, Jun},
%title = {Mode-Adaptive Neural Networks for Quadruped Motion Control},
%journal = {ACM SIGGRAPH 2018}
%}

@article{drecon,
    author = {Bergamin, Kevin and Clavet, Simon and Holden, Daniel and Forbes, James Richard},
    title = {DReCon: Data-Driven Responsive Control of Physics-Based Characters},
    journal = {ACM SIGGRAPH 2019}
}

@article{carl,
  author    = {Ying{-}Sheng Luo and
               Jonathan Hans Soeseno and
               Trista Pei{-}Chun Chen and
               Wei{-}Chao Chen},
  title     = {CARL: Controllable Agent with Reinforcement Learning for Quadruped
               Locomotion},
  journal   = {CoRR 2020}
}

@article{yin_simbicon_2007,
    author = {Yin, KangKang and Loken, Kevin and van de Panne, Michiel},
    title = {SIMBICON: Simple Biped Locomotion Control},
    year = {2007},
    journal = {ACM Trans. Graph.}
}

@article{wang2009,
author = {Wang, Jack M. and Fleet, David J. and Hertzmann, Aaron},
title = {Optimizing Walking Controllers},
journal = {ACM Trans. Graph. 2009}
}

@article{wang2012,
    author = {Wang, Jack M. and Hamner, Samuel R. and Delp, Scott L. and Koltun, Vladlen},
    title = {Optimizing Locomotion Controllers Using Biologically-Based Actuators and Objectives},
    journal = {ACM Trans. Graph. 2012}
}

@article{van_de_panne_2013,
  title={Flexible Muscle-Based Locomotion for Bipedal Creatures},
  author={Thomas Geijtenbeek and Michiel van de Panne and A. Frank van der Stappen},
  journal={ACM Transactions on Graphics},
  year={2013},
  volume = {32},
  number = {6},
  publisher={ACM SIGGRAPH}
}

@article{hwangpil_stable_2020,
  author    = {Hwangpil Park and
               Ri Yu and
               Yoonsang Lee and
               Kyungho Lee and
               Jehee Lee},
  title     = {Understanding the Stability of Deep Control Policies for Biped Locomotion},
  journal   = {CoRR 2020}
}


  
% =================== RL

%@ARTICLE{RL_delayed,
%    title={Markov decision processes with delays and asynchronous cost collection},
%    author={Katsikopoulos, K.V. and Engelbrecht, S.E.},  
%    journal={IEEE Transactions on Automatic Control 2003}
%}

%@inproceedings{RL_delayed_explanation,
%    title = {Planning and Learning in Environments with Delayed Feedback},
%    author = {Walsh, Thomas J. and Nouri, Ali and Li, Lihong and Littman, Michael L.},
%    journal = {ECML 2007}
%}

%@inproceedings{RL_that_matters,
%    author = {Henderson, Peter and Islam, Riashat and Bachman, Philip and Pineau, Joelle and Precup, Doina and Meger, David},
%    title = {Deep Reinforcement Learning That Matters},
%    journal = {AAAI 2018}
%}

%@article{RL_that_matters_OnPolicy,
%  author    = {Marcin Andrychowicz and
%               Anton Raichuk and
%               Piotr Stanczyk and
%               Manu Orsini and
%               Sertan Girgin and
%               Rapha{\"{e}}l Marinier and
%               L{\'{e}}onard Hussenot and
%               Matthieu Geist and
%               Olivier Pietquin and
%               Marcin Michalski and
%               Sylvain Gelly and
%               Olivier Bachem},
%  title     = {What Matters In On-Policy Reinforcement Learning? {A} Large-Scale
%               Empirical Study},
%  journal   = {CoRR 2020}
%}

%@misc{stable-baselines,
%  author = {Hill, Ashley and Raffin, Antonin and Ernestus, Maximilian and Gleave, Adam and Kanervisto, Anssi and Traore, Rene and Dhariwal, Prafulla and Hesse, Christopher and Klimov, Oleg and Nichol, Alex and Plappert, Matthias and Radford, Alec and Schulman, John and Sidor, Szymon and Wu, Yuhuai},
%  title = {Stable Baselines},
%  year = {2018},
%  journal = {GitHub repository},
%  howpublished = {\url{https://github.com/hill-a/stable-baselines}},
%}

%@inproceedings{impala2018,
%  title={IMPALA: Scalable Distributed Deep-RL with Importance Weighted Actor-Learner Architectures},
%  author={Espeholt, Lasse and Soyer, Hubert and Munos, Remi and Simonyan, Karen and Mnih, Volodymir and Ward, Tom and Doron, Yotam and Firoiu, Vlad and Harley, Tim and Dunning, Iain and others},
%  booktitle={ICML 2018}
%}

%@ARTICLE{compare_PPO_TD3_SAC_DDPG,
%TITLE={Comparing Deep Reinforcement Learning Algorithms’ Ability to Safely Navigate Challenging Waters},
%AUTHOR={Larsen, Thomas Nakken and Teigen, Halvor Ødegård and Laache, Torkel and Varagnolo, Damiano and Rasheed, Adil},   
%JOURNAL={Frontiers in Robotics and AI 2021}
%}

%@article{curriculum_learning_survey,
%  title={Curriculum learning for reinforcement learning domains: A framework and survey},
%  author={Narvekar, Sanmit and Peng, Bei and Leonetti, Matteo and Sinapov, Jivko and Taylor, Matthew E and Stone, Peter},
%  journal={Journal of Machine Learning Research 2020}
%}

@article{ppo_rich_locomotion,
    title     = {Emergence of Locomotion Behaviours in Rich Environments},
    author    = {Nicolas Heess and
               Dhruva TB and
               Srinivasan Sriram and
               Jay Lemmon and
               Josh Merel and
               Greg Wayne and
               Yuval Tassa and
               Tom Erez and
               Ziyu Wang and
               S. M. Ali Eslami and
               Martin A. Riedmiller and
               David Silver},
    journal   = {CoRR 2017}
}

@article{ terrain_adaptative_locomotion,
  author = {Peng, Xue Bin and Berseth, Glen and van de Panne, Michiel},
  title = {Terrain-adaptive Locomotion Skills Using Deep Reinforcement Learning},
  journal = {ACM Trans. Graph. 2016}
}

@article{VAE_jungdam_2022,
    author = {Won, Jungdam and Gopinath, Deepak and Hodgins, Jessica},
    title = {Physics-Based Character Controllers Using Conditional VAEs},
    journal = {ACM Trans. Graph. 2022}
}

@article{won2017dragon,
    author = {Won, Jungdam and Park, Jongho and Kim, Kwanyu and Lee, Jehee},
    title = {How to Train Your Dragon: Example-Guided Control of Flapping Flight},
    journal = {ACM Trans. Graph. 2017}
}

@article{seheeOctopus2019,
    author = {Sehee Min, Jungdam Won, Seunghwan Lee, Jungnam Park, and Jehee Lee},
    title = {SoftCon: Simulation and Control of Soft-Bodied Animals with Biomimetic Actuators},
    journal = {ACM Trans. Graph. 2019}
}


%@article{Optimizing_rl_long_time_scale_RNN,
%    title     = {Optimizing Agent Behavior over Long Time Scales by Transporting Value},
%    author    = {Chia{-}Chun Hung and
%               Timothy P. Lillicrap and
%               Josh Abramson and
%               Yan Wu and
%               Mehdi Mirza and
%               Federico Carnevale and
%               Arun Ahuja and
%               Greg Wayne},
%    journal   = {CoRR 2018}
%}


@article{learning_predict_rnn,
    author = {Park, Soohwan and Ryu, Hoseok and Lee, Seyoung and Lee, Sunmin and Lee, Jehee},
    title = {Learning Predict-and-Simulate Policies from Unorganized Human Motion Data},
    journal = {ACM Trans. Graph. 2019}
}


@article{calinon_micro_rl,
  author    = {Konstantinos I. Chatzilygeroudis and
               Vassilis Vassiliades and
               Freek Stulp and
               Sylvain Calinon and
               Jean{-}Baptiste Mouret},
  title     = {A survey on policy search algorithms for learning robot controllers in a handful of trials},
  journal   = {CoRR 2018}
}

@article{survey_sergey_robot_rl,
    author = {Julian Ibarz and Jie Tan and Chelsea Finn and Mrinal Kalakrishnan and Peter Pastor and Sergey Levine},
    title ={How to train your robot with deep reinforcement learning: lessons we have learned},
    journal = {The International Journal of Robotics Research 2021}
}

@article{survey_rl_animation_pettre_2022,
  TITLE = {{A Survey on Reinforcement Learning Methods in Character Animation}},
  AUTHOR = {Kwiatkowski, Ariel and Alvarado, Eduardo and Kalogeiton, Vicky and Liu, C. Karen and Pettr{\'e}, Julien and van de Panne, Michiel and Cani, Marie-Paule},
  URL = {https://hal.archives-ouvertes.fr/hal-03600947},
  JOURNAL = {Computer Graphics Forum 2022},
  YEAR = {2022}
}

@article{peng_domain_randomization_2017,
  author    = {Xue Bin Peng and
               Marcin Andrychowicz and
               Wojciech Zaremba and
               Pieter Abbeel},
  title     = {Sim-to-Real Transfer of Robotic Control with Dynamics Randomization},
  journal   = {CoRR 2017}
}

@article{sim_to_real_agile_2018,
  author    = {Jie Tan and
               Tingnan Zhang and
               Erwin Coumans and
               Atil Iscen and
               Yunfei Bai and
               Danijar Hafner and
               Steven Bohez and
               Vincent Vanhoucke},
  title     = {Sim-to-Real: Learning Agile Locomotion For Quadruped Robots},
  journal   = {CoRR 2018}
}

@article{glide_xie_2021,
  author    = {Zhaoming Xie and
               Xingye Da and
               Buck Babich and
               Animesh Garg and
               Michiel van de Panne},
  title     = {GLiDE: Generalizable Quadrupedal Locomotion in Diverse Environments
               with a Centroidal Model},
  journal   = {CoRR},
  year      = {2021}
}

% ===================== Pretraining in RL (on-policy)

%@article{pretraining_BC,
%  author    = {Aravind Rajeswaran and
%               Vikash Kumar and
%               Abhishek Gupta and
%               John Schulman and
%               Emanuel Todorov and
%               Sergey Levine},
%  title     = {Learning Complex Dexterous Manipulation with Deep Reinforcement Learning
%               and Demonstrations},
%  journal   = {CoRR 2017}
%}

%@article{RL_guide_explo_one_demo,
%  title     = {Guided Exploration with Proximal Policy Optimization using a Single
%               Demonstration},
%  author    = {Gabriele Libardi and
%               Gianni De Fabritiis},
%  
%  journal   = {CoRR 2020},
%}

%@InProceedings{RL_guide_explo_several_demo,
%  title =   {Policy Optimization with Demonstrations},
%  author =       {Kang, Bingyi and Jie, Zequn and Feng, Jiashi},
%  booktitle =   {Proceedings of the 35th International Conference on Machine %Learning 2018}
%}

%@article{pretraining_ppo_actor_and_critic,
%title = {Supervised pre-training for improved stability in deep reinforcement learning},
%journal = {ICT Express 2022},
%author = {Sooyoung Jang and Hyung-Il Kim}
%}

%@article{meta_learning_from_demo,
%  author    = {Allan Zhou and
%               Eric Jang and
%               Daniel Kappler and
%               Alexander Herzog and
%               Mohi Khansari and
%               Paul Wohlhart and
%               Yunfei Bai and
%               Mrinal Kalakrishnan and
%               Sergey Levine and
%               Chelsea Finn},
%  title     = {Watch, Try, Learn: Meta-Learning from Demonstrations and Reward},
%  journal   = {CoRR 2019}
%}



% ==================== PATH PLANNING ALGO AND STEER FUNCTIONS

%@article{PRM_RRT_SM,
%author = {Sertac Karaman and Emilio Frazzoli},
%title ={Sampling-based algorithms for optimal motion planning},
%journal = {The International Journal of Robotics Research 2011}
%}

@article{RRT_1998,
  title={Rapidly-exploring random trees : a new tool for path planning},
  author={Steven M. LaValle},
  journal={The annual research report},
  year={1998}
}

@article{RL_RRT,
  title={RL-RRT: Kinodynamic Motion Planning via Learning Reachability Estimators From RL Policies},
  author={Hao-Tien Lewis Chiang and Jasmine Hsu and Marek Fiser and Lydia Tapia and Aleksandra Faust},
  journal={IEEE Robotics and Automation Letters 2019}
}

@article{RL_RRT_AUTORL,
  title={Learning Navigation Behaviors End-to-End With AutoRL},
  author={Hao-Tien Lewis Chiang and Aleksandra Faust and Marek Fiser and Anthony Francis},
  journal={IEEE Robotics and Automation Letters 2019},
  year={2019}
}

@article{DIMT,
  title = {Probabilistically complete kinodynamic planning 
           for robot manipulators with acceleration limits},
  author = {Tobias Kunz and Mike Stilman},
  journal = {IEEE IROS 2014}
}

%@article{LEAS,
%  author={Chemin, Jason and Fernbach, Pierre and Song, Daeun and Saurel, Guilhem and Mansard, Nicolas and Tonneau, Steve},
%  journal={IEEE ICRA 2021}, 
%  title={Learning to steer a locomotion contact planner}
%}

@article{kinodynamic_sm_2017,
  TITLE = {A Kinodynamic steering-method for legged multi-contact locomotion},
  AUTHOR = {Fernbach, Pierre and Tonneau, Steve and Del Prete, Andrea and Ta{\"i}x, Michel},
  journal = {IEEE IROS 2017},
}

% ---- SIM

@article{mujoco,
  author={Todorov, Emanuel and Erez, Tom and Tassa, Yuval},
  booktitle={IEEE-RSJ International Conference on Intelligent Robots and Systems 2012}, 
  title={MuJoCo: A physics engine for model-based control}
}

%@article{DART,
%title = {DART: Dynamic Animation and Robotics Toolkit},
%author = {Lee, Jeongseok and Grey, Michael and Ha, Sehoon and Kunz, Tobias and Jain, Sumit and Ye, Yuting and Srinivasa, Siddhartha and Stilman, Mike and Liu, Karen},
%journal = {The Journal of Open Source Software 2018}
%}

@article{HPP,
  TITLE = {{HPP: a new software for constrained motion planning}},
  AUTHOR = {Mirabel, Joseph and Tonneau, Steve and Fernbach, Pierre and Sepp{\"a}l{\"a}, Anna-Kaarina and Campana, Myl{\`e}ne and Mansard, Nicolas and Lamiraux, Florent},
  BOOKTITLE = {IEEE-IROS 2016},
}
@article{gazebo,  
    author={Koenig, N. and Howard, A.},  
    title={Design and use paradigms for Gazebo, an open-source multi-robot simulator},
    journal={IROS 2004}
}
@article{opensim,
    title = {OpenSim: Open-Source Software to Create and Analyze Dynamic Simulations of Movement},
    author = {Delp, Scott L. and Anderson, Frank C. and Arnold, Allison S. and Loan, Peter and Habib, Ayman and John, Chand T. and Guendelman, Eran and Thelen, Darryl G.},
    journal = {IEEE Trans. Biomed. Eng. 2007}
}

% ====================== OTHER

%@article{two_steps_enough_2015,  
%    title={Two steps is enough: No need to plan far ahead for walking balance},   
%    author={Zaytsev, Petr and Hasaneini, S. Javad and Ruina, Andy},  
%    booktitle={IEEE-ICRA 2015}
%}

@article{prm_1996,  
    author={Kavraki, L.E. and Svestka, P. and Latombe, J.-C. and Overmars, M.H.},  
    journal={IEEE Transactions on Robotics and Automation 1996},   
    title={Probabilistic roadmaps for path planning in high-dimensional configuration spaces}
}

@article{does_choice_action_space_peng_2016,
  author    = {Xue Bin Peng and
               Michiel van de Panne},
  title     = {Learning Locomotion Skills Using DeepRL: Does the Choice of Action
               Space Matter?},
  journal   = {CoRR 2016}
}



% =============================== NAVIGATION

@article{review_autonomous_2011,
    author = {Nakhaeinia, Danial and Tang, S.H. and Noor, Samsul and Motlagh, O.},
    year = {2011},
    title = {A review of control architectures for autonomous navigation of mobile robots},
    journal = {International Journal of Physical Sciences}
}

@article{ROS_software,
  author    = {Kaiyu Zheng},
  title     = {{ROS} Navigation Tuning Guide},
  journal   = {CoRR},
  year      = {2017}
}

@book{motion_planning_latombe_1991,
    author = {Latombe, Jean-Claude},
    title = {Robot Motion Planning},
    year = {1991},
    publisher = {Kluwer Academic Publishers}
}

@book{planning_algo_lavalle_2006,
    author = {LaValle, Steven M.},
    title = {Planning Algorithms},
    year = {2006},
    publisher = {Cambridge University Press}
}

@article{rrt_manipulator_litchi_2019,
    title = {RRT-based path planning for an intelligent litchi-picking manipulator},
    journal = {Computers and Electronics in Agriculture},
    year = {2019},
    author = {Xiaoman Cao and Xiangjun Zou and Chunyang Jia and Mingyou Chen and Zeqin Zeng}
}

@article{sabo_aerial_fuzzy_2012,
    author = {Sabo, Chelsea and Cohen, Kelly},
    year = {2012},
    title = {Fuzzy Logic UAV (Unmanned Aerial Vehicle) Motion Planning},
    journal = {Advances in Fuzzy Systems}
}

@article{micromouse_mishra_2008,  
    author={Mishra, Swati and Bande, Pankaj},  
    journal={2008 IEEE International Conference on Signal Image Technology and Internet Based Systems},   
    title={Maze Solving Algorithms for Micro Mouse},   
    year={2008}
}

@article{RRT_distance_palmeieri_2015,  
    author={Palmieri, Luigi and Arras, Kai O.},  
    booktitle={2015 IEEE International Conference on Robotics and Automation (ICRA)},   
    title={Distance metric learning for RRT-based motion planning with constant-time inference},   
    year={2015}
}

@article{3d_field_voxel_carsten_2006,  
    author={Carsten, Joseph and Ferguson, Dave and Stentz, Anthony},  
    booktitle={2006 IEEE/RSJ International Conference on Intelligent Robots and Systems},   
    title={3D Field D: Improved Path Planning and Replanning in Three Dimensions},   
    year={2006}
}

@article{uav_aerial_perez_grau_voxel_2017,
    author = {Perez-Grau, Francisco and Ragel, Ricardo and Caballero, Fernando and Viguria, Antidio and Ollero, Anibal},
    year = {2017},
    title = {An architecture for robust UAV navigation in GPS-denied areas},
    journal = {Journal of Field Robotics}
}

% ============ Path planning

@article{dijkstra_1959,
    author = {Dijkstra, E. W.},
    title = {A Note on Two Problems in Connexion with Graphs},
    year = {1959},
    journal = {Numer. Math.}
}

@article{A_star_1968,  
    author={Hart, Peter E. and Nilsson, Nils J. and Raphael, Bertram},  
    journal={IEEE Transactions on Systems Science and Cybernetics},   
    title={A Formal Basis for the Heuristic Determination of Minimum Cost Paths},   
    year={1968}
}

@article{D_star_1994,  
    author={Stentz, A.},  
    booktitle={Proceedings of the 1994 IEEE International Conference on Robotics and Automation},   
    title={Optimal and efficient path planning for partially-known environments},   
    year={1994}
}

@article{ara_star_2003,
    author = {Maxim Likhachev and Geoff Gordon and Sebastian Thrun},
    title = {ARA*: Anytime A* with Provable Bounds on Sub-Optimality},
    booktitle = {Proceedings of (NeurIPS) Neural Information Processing Systems},
    year = {2003}
}

@article{review_graph_search_uav,
    author = {Debnath, Sanjoy and Omar, Rosli and Badariyah, Nor and Abdul Latip, Nor Badariyah and Shelyna, Shasha and elia nadira, Sabudin and Hailma, Che Ku Nor and Melor, Che and Chakraborty, Tapan and Natarajan, Elango},
    year = {2019},
    title = {A review on graph search algorithms for optimal energy efficient path planning for an unmanned air vehicle},
    journal = {TELKOMNIKA Indonesian Journal of Electrical Engineering}
}

@article{micromouse_Benavides2018,
  title={Flood Fill Algorithm Dividing Matrices for Robotic Path Planning},
  author={Juli{\'a}n Esteban Herrera Benavides and Robinson Jimenez Moreno},
  year={2018}
}

@article{grid_duchon_2014,
    title = {Path Planning with Modified a Star Algorithm for a Mobile Robot},
    journal = {Procedia Engineering},
    year = {2014},
    author = {František Duchoň and Andrej Babinec and Martin Kajan and Peter Beňo and Martin Florek and Tomáš Fico and Ladislav Jurišica}
}

%@article{krogh_1986,  
%    author={Krogh, B. and Thorpe, C.},  
%    journal={IEEE ICRA},   
%    title={Integrated path planning and dynamic steering control for autonomous vehicles},   
%    year={1986}
%}

@article{saeed_grid_2020,
    title = {A Boundary Node Method for path planning of mobile robots},
    journal = {Robotics and Autonomous Systems},
    year = {2020},
    author = {R.A. Saeed and Diego Reforgiato Recupero and Paolo Remagnino}
}

@article{singh_boat_grid_2018,
    title = {A constrained A* approach towards optimal path planning for an unmanned surface vehicle in a maritime environment containing dynamic obstacles and ocean currents},
    journal = {Ocean Engineering},
    year = {2018}
}

@article{car_grid_ferguson_2008,
    author = {Ferguson, Dave and Likhachev, Maxim},
    year = {2008},
    title = {Efficiently Using Cost Maps For Planning Complex Maneuvers},
    journal = {Lab Papers (GRASP)}
}

@book{navMesh_book_snook_2000,
    author = {Greg Snook},
    title = {Simplified 3D Movement and Pathfinding Using Navigation Meshes},
    booktitle = {Game Programming Gems},
    editor = {Mark DeLoura},
    publisher = {Charles River Media},
    year = {2000}
}

@article{waypoints_graph_lars_2002,
    author = {Liden, Lars},
    year = {2002},
    title = {Strategic and Tactical Reasoning with Waypoints}
}

@article{move3d_lamiraux_2001,
    author = {Siméon, Thierry and Laumond, Jean-Paul and Lamiraux, Florent},
    year = {2001},
    title = {Move3D: A generic platform for motion planning}
}

@article{van_toll_crowd_sim_2012,
    author = {van Toll, Wouter G. and Cook IV, Atlas F. and Geraerts, Roland},
    title = {Real-time density-based crowd simulation},
    journal = {Computer Animation and Virtual Worlds},
    year = {2012}
}

@article{toll_2011_navMesh,  
    author={van Toll, Wouter and Cook, Atlas F. and Geraerts, Roland},  
    booktitle={2011 IEEE/RSJ International Conference on Intelligent Robots and Systems},   
    title={Navigation meshes for realistic multi-layered environments},   
    year={2011}
}

@article{toll_2018_navMesh_multiLayer,
    author = {Toll, Wouter Van and Iv, Atlas F. Cook and Kreveld, Marc J. Van and Geraerts, Roland},
    title = {The Medial Axis of a Multi-Layered Environment and Its Application as a Navigation Mesh},
    year = {2018},
    journal = {ACM Trans. Spatial Algorithms Syst.}
}


@inproceedings{pettre_comparative_navMesh_2016,
    author = {van Toll, Wouter and Triesscheijn, Roy and Kallmann, Marcelo and Oliva, Ramon and Pelechano, Nuria and Pettr\'{e}, Julien and Geraerts, Roland},
    title = {A Comparative Study of Navigation Meshes},
    year = {2016},
    journal = {Proceedings of the 9th International Conference on Motion in Games}
}

@article{Brewer2019TacticalPO,
  title={Tactical Pathfinding on a NavMesh},
  author={Daniel Brewer},
  journal={Game AI Pro 360},
  year={2019}
}

%@article{sketch_navmesh_montana_2019,
%    author = {Montana, Luis and Maddock, Steve},
%    year = {2019},
%    journal = {VISIGRAPP},
%    title = {A Sketch-based Interface for Real-time Control of Crowd Simulations that Use Navigation Meshes}
%}


%@article{lavalle_2004_grid_prm,
%    author = {Steven M. LaValle and Michael S. Branicky and Stephen R. Lindemann},
%    title ={On the Relationship between Classical Grid Search and Probabilistic Roadmaps},
%    journal = {The International Journal of Robotics Research},
%    year = {2004},
%}


@article{hrabar_stereo_prm_2008,  
    author={Hrabar, Stefan},  
    booktitle={2008 IEEE/RSJ International Conference on Intelligent Robots and Systems},   
    title={3D path planning and stereo-based obstacle avoidance for rotorcraft UAVs},   
    year={2008}
}

@article{Philippsen_2005,
    author = {Philippsen, Roland and Siegwart, Roland},
    year = {2005},
    month = {01},
    pages = {3782-3789},
    title = {An Interpolated Dynamic Navigation Function},
    doi = {10.1109/ROBOT.2005.1570697}
}

@article{delaying_collision_prm_latombe_2002,
    author = {Gildardo Sánchez and Jean-Claude Latombe},
    title ={On Delaying Collision Checking in PRM Planning: Application to Multi-Robot Coordination},
    journal = {The International Journal of Robotics Research},
    year = {2002}
}

@article{simeon_laumond_manipulation_prm_2004,
    author = {Thierry Siméon and Jean-Paul Laumond and Juan Cortés and Anis Sahbani},
    title ={Manipulation Planning with Probabilistic Roadmaps},
    journal = {The International Journal of Robotics Research},
    year = {2004}
}

@article{mohanta_prm_navigation_2019,
    title = {A knowledge based fuzzy-probabilistic roadmap method for mobile robot navigation},
    journal = {Applied Soft Computing},
    year = {2019},
    author = {J.C. Mohanta and Anupam Keshari}
}

@article{murooka_path_planning_object_2021,
  TITLE = {{Humanoid Loco-Manipulation Planning Based on Graph Search and Reachability Maps}},
  AUTHOR = {Murooka, Masaki and Kumagai, Iori and Morisawa, Mitsuharu and Kanehiro, Fumio and Kheddar, Abderrahmane},
  JOURNAL = {IEEE Robotics and Automation Letters},
  YEAR = {2021}
}

@article{rough_terrain_reachability_hutter_2021,
    author = {Wellhausen, Lorenz and Hutter, Marco},
    title = {Rough Terrain Navigation for Legged Robots Using Reachability Planning and Template Learning},
    year = {2021},
    journal = {IEEE IROS}
}

@misc{darpa_hutter_2022,
  author = {Tranzatto, Marco and Dharmadhikari, Mihir and Bernreiter, Lukas and Camurri, Marco and Khattak, Shehryar and Mascarich, Frank and Pfreundschuh, Patrick and Wisth, David and Zimmermann, Samuel and Kulkarni, Mihir and Reijgwart, Victor and Casseau, Benoit and Homberger, Timon and De Petris, Paolo and Ott, Lionel and Tubby, Wayne and Waibel, Gabriel and Nguyen, Huan and Cadena, Cesar and Buchanan, Russell and Wellhausen, Lorenz and Khedekar, Nikhil and Andersson, Olov and Zhang, Lintong and Miki, Takahiro and Dang, Tung and Mattamala, Matias and Montenegro, Markus and Meyer, Konrad and Wu, Xiangyu and Briod, Adrien and Mueller, Mark and Fallon, Maurice and Siegwart, Roland and Hutter, Marco and Alexis, Kostas},
  title = {Team CERBERUS Wins the DARPA Subterranean Challenge: Technical Overview and Lessons Learned},
  publisher = {arXiv},
  year = {2022}
}


%@article{comparison_prm_rrt,  
%    author={Zaheer, Shyba and Jayaraju M and Gulrez, Tauseef},  
%    booktitle={2015 IEEE International Conference on Electrical, Computer and Communication Technologies (ICECCT)},   
%    title={Performance analysis of path planning techniques for autonomous mobile robots}
%}

@article{ming2021survey,
  title={A survey of path planning algorithms for autonomous vehicles},
  author={Ming, Yu and Li, Yanqiang and Zhang, Zihui and Yan, Weiqi},
  journal={SAE international journal of commercial vehicles},
  volume={14},
  number={1},
  pages={02--14},
  year={2021},
  publisher={Society of Automotive Engineers}
}

@article{Zammit2018ComparisonBA,
  title={Comparison between A* and RRT Algorithms for UAV Path Planning},
  author={Christian Zammit and Erik-Jan van Kampen},
  journal={AIAA Guidance, Navigation, and Control Conference},
  year={2018}
}

@article{radmanesh_uav_2018,
    author = {Radmanesh, Mohammadreza and Kumar, Manish and Guentert, Paul and Sarim, Mohammad},
    year = {2018},
    title = {Overview of Path Planning and Obstacle Avoidance Algorithms for UAVs: A Comparative Study},
    journal = {Unmanned Systems}
}

@ARTICLE{review_autonomous_driving_2020,  
    author={Claussmann, Laurène and Revilloud, Marc and Gruyer, Dominique and Glaser, Sébastien},  
    journal={IEEE Transactions on Intelligent Transportation Systems},   
    title={A Review of Motion Planning for Highway Autonomous Driving},   
    year={2020}
}

@article{yang_3D_path_planning_2016,
    author = {Yang, Liang and Qi, Juntong and Song, Dalei and Xiao, Jizhong and Han, Jianda and Xia, Yong},
    year = {2016},
    title = {Survey of Robot 3D Path Planning Algorithms},
    journal = {Journal of Control Science and Engineering}
}

@article{zhang_mobile_path_planning_2018,
    author = {Zhang, Han-ye and Lin, Wei-ming and Chen, Ai-xia},
    year = {2018},
    title = {Path Planning for the Mobile Robot: A Review}
}

@article{patle_nav_mobile_robot_2019,
    title = {A review: On path planning strategies for navigation of mobile robot},
    journal = {Defence Technology},
    year = {2019},
    author = {B.K. Patle and Ganesh {Babu L} and Anish Pandey and D.R.K. Parhi and A. Jagadeesh}
}

@article{arantes_milp_2019,  
    author={Arantes, Marcio da Silva and Toledo, Claudio Fabiano Motta and Williams, Brian Charles and Ono, Masahiro},  
    journal={IEEE Transactions on Robotics},   
    title={Collision-Free Encoding for Chance-Constrained Nonconvex Path Planning}
}

@ARTICLE{xiao_evolutionary_planner,  
    author={Jing Xiao and Michalewicz, Z. and Lixin Zhang and Trojanowski, K.},  
    journal={IEEE Transactions on Evolutionary Computation},
    year = {1997},
    title={Adaptive evolutionary planner/navigator for mobile robots}
}

@article{SONG_cuckoo_path_planning_2020,
    title = {A parallel compact cuckoo search algorithm for three-dimensional path planning},
    journal = {Applied Soft Computing},
    year = {2020},
    author = {Pei-Cheng Song and Jeng-Shyang Pan and Shu-Chuan Chu}
}

@inproceedings{Otte2009ASO,
  title={A Survey of Machine Learning Approaches to Robotic Path-Planning},
  author={Michael W. Otte},
  year={2009}
}

@article{voronoi_example_2007,  
    author={Bhattacharya, Priyadarshi and Gavrilova, Marina L.},  
    booktitle={4th International Symposium on Voronoi Diagrams in Science and Engineering (ISVD)},   
    title={Voronoi diagram in optimal path planning},   
    year={2007}
}

@article{visiblity_graph_example_2004,  
    author={Han-Pang Huang and Shu-Yun Chung},  
    journal={IEEE IROS},   
    title={Dynamic visibility graph for path planning},   
    year={2004}
}

% ==================== STEERING METHODS

@article{vantoll_microscopic_crowd_2021,
  TITLE = {Algorithms for Microscopic Crowd Simulation: Advancements in the 2010s},
  AUTHOR = {van Toll, Wouter and Pettr{\'e}, Julien},
  URL = {https://hal.inria.fr/hal-03197198},
  JOURNAL = {Computer Graphics Forum},
  YEAR = {2021}
}

@article{randomized_kino_planning_lavalle_2001,
    author = {Steven M. LaValle and James J. Kuffner, Jr.},
    title ={Randomized Kinodynamic Planning},
    journal = {The International Journal of Robotics Research},
    year = {2001}
}

@article{ondrej_pettre_steering_vision_2010,
  TITLE = {{A Synthetic-Vision Based Steering Approach for Crowd Simulation}},
  AUTHOR = {Ondrej, Jan and Pettr{\'e}, Julien and Olivier, Anne-H{\'e}l{\`e}ne and Donikian, St{\'e}phane},
  JOURNAL = {{ACM Transactions on Graphics}},
  YEAR = {2010}
}

%@article{footstep_nav_steering_method_singh_2011,
%    author = {Singh, Shawn and Kapadia, Mubbasir and Reinman, Glenn and Faloutsos, Petros},
%    year = {2011},
%    title = {Footstep navigation for dynamic crowds},
%    journal = {Journal of Visualization and Computer Animation}
%}

@article{rl_navigation_video_game_2020,
  author    = {Eloi Alonso and
               Maxim Peter and
               David Goumard and
               Joshua Romoff},
  title     = {Deep Reinforcement Learning for Navigation in {AAA} Video Games},
  journal   = {CoRR},
  year      = {2020}
}

@article{interpolation_methods_bourke_1999,
    author = {Bourke, Paul},
    year = {1999},
    title = {Nearest neighbour weighted interpolation}
}

@article{CHOMP_2009,
    author={Ratliff, Nathan and Zucker, Matt and Bagnell, J. Andrew and Srinivasa, Siddhartha},  
    booktitle={2009 IEEE International Conference on Robotics and Automation},   
    title={CHOMP: Gradient optimization techniques for efficient motion planning},   
    year={2009}
}

@article{stomp_2011,  
    author={Kalakrishnan, Mrinal and Chitta, Sachin and Theodorou, Evangelos and Pastor, Peter and Schaal, Stefan}, 
    journal={2011 IEEE International Conference on Robotics and Automation},   
    title={STOMP: Stochastic trajectory optimization for motion planning},  
    year={2011}
}

@article{optimal_control_path_planning,
    title = {Optimal control, statistics and path planning},
    journal = {Mathematical and Computer Modelling},
    year = {2001},
    note = {Computation and control VI proceedings of the sixth Bozeman conference},
    author = {C.F. Martin and Shan Sun and M. Egerstedt}
}

@article{liu_mpc_path_planning_2017,  
    author={Liu, Chang and Lee, Seungho and Varnhagen, Scott and Tseng, H. Eric}, 
    booktitle={2017 IEEE Intelligent Vehicles Symposium (IV)},   
    title={Path planning for autonomous vehicles using model predictive control}, 
    year={2017}
}

@article{dynamic_window_fox_1997,
    author={Fox, D. and Burgard, W. and Thrun, S.},  
    journal={IEEE Robotics and Automation Magazine},   
    title={The dynamic window approach to collision avoidance},   
    year={1997}
}

@book{hauser_robotics_systems_draft,
    title={Robotic Systems},
    author={Kris Hauser},
    year={Draft in progress}
}

@ARTICLE{potential_field_1992,  
    author={Hwang, Y.K. and Ahuja, N.},  
    journal={IEEE Transactions on Robotics and Automation},   
    title={A potential field approach to path planning},   
    year={1992}
}

@ARTICLE{mpc_potential_field_car_2017,  
    author={Rasekhipour, Yadollah and Khajepour, Amir and Chen, Shih-Ken and Litkouhi, Bakhtiar},  
    journal={IEEE Transactions on Intelligent Transportation Systems},   
    title={A Potential Field-Based Model Predictive Path-Planning Controller for Autonomous Road Vehicles},   
    year={2017}
}

@article{corridor_geraerts_2007,  
    author={Geraerts, Roland and Overmars, Mark H.},  
    journal={IEEE ICRA},   
    title={The Corridor Map Method: Real-Time High-Quality Path Planning},   
    year={2007}
}

@article{explicit_corridors_2010,  
    author={Geraerts, Roland},  
    booktitle={2010 IEEE International Conference on Robotics and Automation},   
    title={Planning short paths with clearance using explicit corridors},   
    year={2010}
}

@inbook{orca_2011,
    author = {van den Berg, Jur and Guy, Stephen and Lin, Ming and Manocha, Dinesh},
    year = {2011},
    title = {Reciprocal n-Body Collision Avoidance},
    journal = {Proc. 14th Int. Symp. Robotics Research}
}

@ARTICLE{florent_motion_planning_car_2001,  
    author={Lamiraux, F. and Lammond, J.-P.},  
    journal={IEEE Transactions on Robotics and Automation},   
    title={Smooth motion planning for car-like vehicles},   
    year={2001}
}

@article{elastic_band_2013,  
    author={Rösmann, Christoph and Feiten, Wendelin and Wösch, Thomas and Hoffmann, Frank and Bertram, Torsten},  
    journal={2013 European Conference on Mobile Robots},   
    title={Efficient trajectory optimization using a sparse model},   
    year={2013}
}

@article{dwa_vs_teb_2021_rosmann,
  title={Difference between DWA and TEB local planners},
  author={R{\"o}smann, Christoph}
}

@phdthesis{dimitri_these_2021,
  TITLE = {{Navigation autonome d'un robot agricole}},
  AUTHOR = {Leca, Dimitri},
  SCHOOL = {{Universit{\'e} Toulouse 3 Paul Sabatier (UT3 Paul Sabatier)}},
  YEAR = {2021}
}

@article{dwa_gan,
    author = {Müller, Steffen and Trinh, Thanh and Gross, Horst-Michael},
    year = {2017},
    journal= {Towards Autonomous Robotic Systems},
    title = {Local Real-Time Motion Planning Using Evolutionary Optimization}
}

@article{patel_dwa_rl_2021,
    author = {Utsav Patel, Nithish Sanjeev Kumar, Adarsh Jagan Sathyamoorthy and Dinesh Manocha},
    year = {2021},
    journal= {IEEE ICRA},
    title = {DWA-RL: Dynamically Feasible Deep Reinforcement Learning Policy for Robot Navigation among Mobile Obstacles}
}

@article{survey_rl_driving_kiran_2020,
  author    = {Bangalore Ravi Kiran and
               Ibrahim Sobh and
               Victor Talpaert and
               Patrick Mannion and
               Ahmad A. Al Sallab and
               Senthil Kumar Yogamani and
               Patrick P{\'{e}}rez},
  title     = {Deep Reinforcement Learning for Autonomous Driving: {A} Survey},
  journal   = {CoRR},
  year      = {2020}
}

@article{jaedong_2018_crowd_rl,
    author = {Lee, Jaedong and Won, Jungdam and Lee, Jehee},
    title = {Crowd Simulation by Deep Reinforcement Learning},
    year = {2018},
    journal = {Motion, Interaction and Games}
}



@article{collision_avoidance_rl_multiagent_chen_2016,
  author    = {Yu Fan Chen and
               Miao Liu and
               Michael Everett and
               Jonathan P. How},
  title     = {Decentralized Non-communicating Multiagent Collision Avoidance with
               Deep Reinforcement Learning},
  journal   = {CoRR},
  year      = {2016}
}

@article{deep_multiagent_crowd_2020,
    author = {Haworth, Brandon and Berseth, Glen and Moon, Seonghyeon and Faloutsos, Petros and Kapadia, Mubbasir},
    title = {Deep Integration of Physical Humanoid Control and Crowd Navigation},
    year = {2020},
    journal = {Motion, Interaction and Games}
}

@article{learn_to_steer_rl_2018,
    author = {Wu K, Esfahani MA, Yuan S, Wang H.},
    title = {Learn to Steer through Deep Reinforcement Learning},
    year = {2018},
    journal = {Sensors}
}

@article{prm_rl_2019,
    author = {Francis, Anthony and Faust, Aleksandra and Chiang, Hao-Tien Lewis and Hsu, Jasmine and Kew, J. and Fiser, Marek and Lee, Tsang-Wei},
    year = {2020},
    title = {Long-Range Indoor Navigation With PRM-RL},
    journal = {IEEE Transactions on Robotics}
}

@article{evol_vs_rl_deepmind_2017,
  author = {Salimans, Tim and Ho, Jonathan and Chen, Xi and Sidor, Szymon and Sutskever, Ilya},
  title = {Evolution Strategies as a Scalable Alternative to Reinforcement Learning},
  publisher = {arXiv},
  year = {2017}
}

@article{evol_vs_rl_majid_2021,
    author = {Majid, Amjad and Saaybi, Serge and Rietbergen, Tomas and Francois, Vincent and Prasad, Venkatesha and Verhoeven, Chris and Nl,},
    journal   = {CoRR},
    year = {2021},
    title = {Deep Reinforcement Learning Versus Evolution Strategies: A Comparative Survey}
}


@phdthesis{thesis_steve,
  TITLE = {{Motion planning and synthesis for virtual characters in constrained environments}},
  AUTHOR = {Tonneau, Steve},
  SCHOOL = {{INSA de Rennes}},
  YEAR = {2015}
}


% ======================== Other
@misc{big_M,
    author = {J. Lofberg},
    title = {Big-m and convex hulls},
    url = {https://yalmip.github.io/tutorial/bigmandconvexhulls},
    note = {Accessed: 2022-09-01}
}

@misc{big_M_danger,
    author = {Paul A. Rubin },
    title = {Perils of "Big M"},
    url = {https://orinanobworld.blogspot.com/2011/07/perils-of-big-m.html},
    note = {Accessed: 2022-09-01}
}

@misc{gurobi_mip,
    title = {Mixed-Integer Programming (MIP) - A Primer on the Basics},
    url = {https://www.gurobi.com/resource/mip-basics/},
    note = {Accessed: 2022-09-01}
}

@misc{gurobi,
    title = {Gurobi Optimizer Reference Manual},
    url = {https://www.gurobi.com/documentation/9.5/refman/index.html},
    note = {Accessed: 2022-09-01}
}

@book{simplex_history_1990,
    author = {Dantzig, George B.},
    title = {Origins of the Simplex Method},
    year = {1990},
    publisher = {Association for Computing Machinery},
    booktitle = {A History of Scientific Computing}
}

@article{presolve_gurobi_2020,
    author = {Achterberg, Tobias and Bixby, Robert E. and Gu, Zonghao and Rothberg, Edward and Weninger, Dieter},
    title = {Presolve Reductions in Mixed Integer Programming},
    year = {2020},
    publisher = {INFORMS}
}

@article{cutting_plan_gomory_1996,
    title = {Gomory cuts revisited},
    journal = {Operations Research Letters},
    year = {1996},
    author = {E. Balas and S. Ceria and G. Cornuéjols and N. Natraj}
}


% =========== RL and MIP

@misc{deepmind_RL_MIP,
  author = {Nair, Vinod and Bartunov, Sergey and Gimeno, Felix and von Glehn, Ingrid and Lichocki, Pawel and Lobov, Ivan and O'Donoghue, Brendan and Sonnerat, Nicolas and Tjandraatmadja, Christian and Wang, Pengming and Addanki, Ravichandra and Hapuarachchi, Tharindi and Keck, Thomas and Keeling, James and Kohli, Pushmeet and Ktena, Ira and Li, Yujia and Vinyals, Oriol and Zwols, Yori},
  title = {Solving Mixed Integer Programs Using Neural Networks},
  publisher = {arXiv},
  year = {2020}
}


@article{mip_rl_cut,
  title = 	 {Reinforcement Learning for Integer Programming: Learning to Cut},
  author =       {Tang, Yunhao and Agrawal, Shipra and Faenza, Yuri},
  journal = 	 {Proceedings of the 37th International Conference on Machine Learning},
  year = 	 {2020}
}

@article{mip_rl_branch,
    author = {Khalil, Elias B. and Bodic, Pierre Le and Song, Le and Nemhauser, George and Dilkina, Bistra},
    title = {Learning to Branch in Mixed Integer Programming},
    year = {2016},
    journal = {Proceedings of the Thirtieth AAAI Conference on Artificial Intelligence}
}
